<mx:record xmlns="http://www.w3.org/TR/xhtml1/strict" xmlns:mx="http://www.loc.gov/MARC21/slim" xmlns:xsi="http://www.w3.org/2001/XMLSchema-instance"><mx:leader>00000nz   2200000n  0000</mx:leader><mx:controlfield tag="001">oca06656088 </mx:controlfield><mx:controlfield tag="003">OCoLC</mx:controlfield><mx:controlfield tag="005">20050616052807.0</mx:controlfield><mx:controlfield tag="008">050601n| acannaabn          |a aaa     c</mx:controlfield><mx:datafield ind1=" " ind2=" " tag="010"><mx:subfield code="a">no2005055260</mx:subfield></mx:datafield><mx:datafield ind1=" " ind2=" " tag="035"><mx:subfield code="a">(OCoLC)oca06656088</mx:subfield></mx:datafield><mx:datafield ind1=" " ind2=" " tag="040"><mx:subfield code="a">WaU</mx:subfield><mx:subfield code="b">eng</mx:subfield><mx:subfield code="c">WaU</mx:subfield></mx:datafield><mx:datafield ind1="0" ind2=" " tag="100"><mx:subfield code="a">Rufinus,</mx:subfield><mx:subfield code="c">Antiochensis</mx:subfield></mx:datafield><mx:datafield ind1="0" ind2=" " tag="400"><mx:subfield code="a">Rufino,</mx:subfield><mx:subfield code="c">d'Antiochia</mx:subfield></mx:datafield><mx:datafield ind1="0" ind2=" " tag="400"><mx:subfield code="a">Rufinus Antiochensis</mx:subfield></mx:datafield><mx:datafield ind1="0" ind2=" " tag="400"><mx:subfield code="a">Rufinus,</mx:subfield><mx:subfield code="c">Antiochensis grammaticus</mx:subfield></mx:datafield><mx:datafield ind1="0" ind2=" " tag="400"><mx:subfield code="a">Rufinus Antiochenus</mx:subfield></mx:datafield><mx:datafield ind1="0" ind2=" " tag="400"><mx:subfield code="a">Rufinus,</mx:subfield><mx:subfield code="c">grammarian</mx:subfield></mx:datafield><mx:datafield ind1="0" ind2=" " tag="400"><mx:subfield code="a">Rufinus,</mx:subfield><mx:subfield code="c">Grammatiker aus Antiochia</mx:subfield></mx:datafield><mx:datafield ind1="0" ind2=" " tag="400"><mx:subfield code="a">Rufinus,</mx:subfield><mx:subfield code="c">von Antiochia</mx:subfield></mx:datafield><mx:datafield ind1=" " ind2=" " tag="670"><mx:subfield code="a">Rufini Antiochensis Commentaria in metra Terentiana et De compositione et de numeris oratorum, 2004:</mx:subfield><mx:subfield code="b">p. v (Rufino d'Antiochia) p. 4 of cover (Rufinus von Antiochia)</mx:subfield></mx:datafield><mx:datafield ind1=" " ind2=" " tag="670"><mx:subfield code="a">Clavis scriptorum graecorum et latinorum, 1996:</mx:subfield><mx:subfield code="b">v. 9, p. R-249 (Rufinus Antiochenus; author who wrote in Latin, 4th-5th cent. AD)</mx:subfield></mx:datafield><mx:datafield ind1=" " ind2=" " tag="670"><mx:subfield code="a">Oxford classical dict., 1996</mx:subfield><mx:subfield code="b">(Rufinus (5th c. AD), grammarian)</mx:subfield></mx:datafield><mx:datafield ind1=" " ind2=" " tag="670"><mx:subfield code="a">Bibliotheca Teubneriana Latina author index, via WWW, June 7, 2005</mx:subfield><mx:subfield code="b">(Rufinus Antiochensis grammaticus)</mx:subfield></mx:datafield><mx:datafield ind1=" " ind2=" " tag="670"><mx:subfield code="a">World biographical info. system, via WWW, June 7, 2005</mx:subfield><mx:subfield code="b">(Rufinus; occupation: Grammatiker aus Antiochia; year: 451)</mx:subfield></mx:datafield><mx:datafield ind1=" " ind2=" " tag="675"><mx:subfield code="a">Universal pronouncing dict. of biog. and myth., c1930.</mx:subfield></mx:datafield><mx:datafield ind1=" " ind2=" " tag="999"><mx:subfield code="a">74.8331</mx:subfield></mx:datafield></mx:record>